<record><leader>00000cas a2200000 a 4500</leader><controlfield tag="001">9426483</controlfield><controlfield tag="008">830419d18761998tnudn ne      0    0eng c</controlfield><datafield ind1=" " ind2=" " tag="010"><subfield code="a">sn 83045323 </subfield></datafield><datafield ind1=" " ind2=" " tag="040"><subfield code="a">CRL</subfield><subfield code="b">eng</subfield><subfield code="c">CRL</subfield><subfield code="d">NPW</subfield><subfield code="d">NPY</subfield><subfield code="d">DLC</subfield><subfield code="d">KNP</subfield><subfield code="d">CRL</subfield><subfield code="d">KNP</subfield><subfield code="d">NVK</subfield><subfield code="d">CVF</subfield><subfield code="d">TGN</subfield><subfield code="d">OCLCQ</subfield><subfield code="d">DLC</subfield><subfield code="d">CRL</subfield><subfield code="d">OCLCO</subfield><subfield code="d">DLC</subfield><subfield code="d">OCLCQ</subfield><subfield code="d">OCLCA</subfield><subfield code="d">OCLCF</subfield></datafield><datafield ind1="1" ind2=" " tag="029"><subfield code="a">NZ1</subfield><subfield code="b">6224846</subfield></datafield><datafield ind1="1" ind2=" " tag="029"><subfield code="a">AU@</subfield><subfield code="b">000020266307</subfield></datafield><datafield ind1="1" ind2=" " tag="029"><subfield code="a">NZ1</subfield><subfield code="b">16076038</subfield></datafield><datafield ind1=" " ind2=" " tag="037"><subfield code="b">1100 Broadway, Nashville, Tenn. 37202</subfield></datafield><datafield ind1=" " ind2=" " tag="042"><subfield code="a">pcc</subfield></datafield><datafield ind1=" " ind2=" " tag="043"><subfield code="a">n-us-tn</subfield></datafield><datafield ind1="0" ind2="0" tag="050"><subfield code="a">Newspaper</subfield></datafield><datafield ind1="0" ind2="0" tag="245"><subfield code="a">Nashville banner.</subfield></datafield><datafield ind1="1" ind2=" " tag="246"><subfield code="i">Published as:</subfield><subfield code="a">Nashville evening banner</subfield><subfield code="f">May 11-Nov. 15, 1882</subfield></datafield><datafield ind1=" " ind2=" " tag="260"><subfield code="a">Nashville [Tenn. :</subfield><subfield code="b">s.n.],</subfield><subfield code="c">-1998.</subfield></datafield><datafield ind1=" " ind2=" " tag="300"><subfield code="a">v. :</subfield><subfield code="b">ill. ;</subfield><subfield code="c">62 cm.</subfield></datafield><datafield ind1=" " ind2=" " tag="310"><subfield code="a">Daily (except Sat. &amp; Sun.),</subfield><subfield code="b">Aug. 3, 1992-Feb. 20, 1998</subfield></datafield><datafield ind1=" " ind2=" " tag="321"><subfield code="a">Daily (except Sun.),</subfield><subfield code="b">&lt;Dec. 14, 1877&gt;-Set. 8, 1917</subfield></datafield><datafield ind1=" " ind2=" " tag="321"><subfield code="a">Daily,</subfield><subfield code="b">Sept. 9, 1917-Dec. 5, 1937</subfield></datafield><datafield ind1=" " ind2=" " tag="321"><subfield code="a">Daily (except Sun.) Dec. 6,</subfield><subfield code="b">1937-Aug. 1, 1992</subfield></datafield><datafield ind1="1" ind2=" " tag="362"><subfield code="a">Began Apr. 10, 1876.</subfield><subfield code="z">Cf. NIM, 1948-1972.</subfield></datafield><datafield ind1="0" ind2=" " tag="362"><subfield code="a">-Feb. 20, 1998.</subfield></datafield><datafield ind1=" " ind2=" " tag="500"><subfield code="a">Published: "Tennessee centennial edition", June 1, 1896.</subfield></datafield><datafield ind1=" " ind2=" " tag="530"><subfield code="a">Also issued on microfilm from Tennessee State Library and Archives, and the Library of Congress, Photoduplication Service.</subfield></datafield><datafield ind1=" " ind2=" " tag="588"><subfield code="a">Description based on: Vol. 2, no. 207 (Dec. 12, 1877).</subfield></datafield><datafield ind1=" " ind2="0" tag="651"><subfield code="a">Nashville (Tenn.)</subfield><subfield code="v">Newspapers.</subfield></datafield><datafield ind1=" " ind2="0" tag="651"><subfield code="a">Davidson County (Tenn.)</subfield><subfield code="v">Newspapers.</subfield></datafield><datafield ind1=" " ind2="7" tag="655"><subfield code="a">Newspapers.</subfield><subfield code="2">fast</subfield><subfield code="0">(OCoLC)fst01423814</subfield></datafield><datafield ind1=" " ind2="7" tag="651"><subfield code="a">Tennessee</subfield><subfield code="z">Davidson County.</subfield><subfield code="2">fast</subfield><subfield code="0">(OCoLC)fst01205346</subfield></datafield><datafield ind1=" " ind2="7" tag="651"><subfield code="a">Tennessee</subfield><subfield code="z">Nashville.</subfield><subfield code="2">fast</subfield><subfield code="0">(OCoLC)fst01204195</subfield></datafield><datafield ind1=" " ind2=" " tag="752"><subfield code="a">United States</subfield><subfield code="b">Tennessee</subfield><subfield code="c">Davidson</subfield><subfield code="d">Nashville.</subfield></datafield><datafield ind1="0" ind2=" " tag="775"><subfield code="t">Nashville weekly banner</subfield><subfield code="g">1876-&lt;1906&gt;</subfield><subfield code="w">(DLC)sn 89058444</subfield></datafield><datafield ind1="0" ind2=" " tag="775"><subfield code="t">Nashville morning banner</subfield><subfield code="g">May 7-Aug. 27, 1882</subfield><subfield code="w">(DLC)sn 00063985</subfield></datafield><datafield ind1="0" ind2="8" tag="776"><subfield code="i">Online version:</subfield><subfield code="t">Nashville banner</subfield><subfield code="w">(OCoLC)808840924</subfield></datafield></record>